% This file was created with JabRef 2.7.2.
% Encoding: UTF-8

@article{bobaru2009convergence,
	title={Convergence, adaptive refinement, and scaling in 1D peridynamics},
	author={Bobaru, Florin and Yang, Mijia and Alves, Leonardo Frota and Silling, Stewart A and Askari, Ebrahim and Xu, Jifeng},
	journal={International Journal for Numerical Methods in Engineering},
	volume={77},
	number={6},
	pages={852--877},
	year={2009},
	publisher={Wiley Online Library}
}



	